
@Article{Yan2011,
  title = {The Spread of Scientific Information: Insights from the Web Usage Statistics in PLoS Article-Level Metrics},
  volume = {6},
  issn = {1932-6203},
  shorttitle = {The Spread of Scientific Information},
  url = {http://dx.plos.org/10.1371/journal.pone.0019917},
  doi = {10.1371/journal.pone.0019917},
  number = {5},
  urldate = {2013-12-10},
  journal = {PLoS ONE},
  author = {Koon-Kiu Yan and Mark Gerstein},
  editor = {Alessandro Vespignani},
  month = {may},
  year = {2011},
  pages = {e19917},
  numeral = {1},
}

@Article{Sutherland2011,
  title = {Quantifying the Impact and Relevance of Scientific Research},
  volume = {6},
  issn = {1932-6203},
  url = {http://dx.plos.org/10.1371/journal.pone.0027537},
  doi = {10.1371/journal.pone.0027537},
  number = {11},
  urldate = {2013-12-10},
  journal = {PLoS ONE},
  author = {William J. Sutherland and David Goulson and Simon G. Potts and Lynn V. Dicks},
  editor = {Tammy Clifford},
  month = {nov},
  year = {2011},
  pages = {e27537},
  numeral = {1},
}

@article{arceo2016,
  title={Invasion status and phylogenetic relatedness predict cost of heterospecific pollen receipt: Implications for native biodiversity decline},
  author={Arceo-G{\'o}mez, Gerardo and Ashman, Tia-Lynn},
  journal={Journal of Ecology},
  volume={104},
  number={4},
  pages={1003--1008},
  year={2016},
  publisher={Wiley Online Library}
}

@article{bartomeus2008,
  title={High invasive pollen transfer, yet low deposition on native stigmas in a Carpobrotus-invaded community},
  author={Bartomeus, Ignasi and Bosch, Jordi and Vil{\`a}, Montserrat},
  journal={Annals of Botany},
  volume={102},
  number={3},
  pages={417--424},
  year={2008},
  publisher={Oxford University Press}
}