@Article{Boettiger_2013,
  doi = {10.1098/rspb.2013.1372},
  url = {https://doi.org/10.1098/rspb.2013.1372},
  year = {2013},
  month = {sep},
  publisher = {The Royal Society},
  volume = {280},
  number = {1766},
  pages = {20131372},
  author = {Carl Boettiger and Alan Hastings},
  title = {No early warning signals for stochastic transitions: insights from large deviation theory},
  journal = {Proceedings of the Royal Society B: Biological Sciences},
}

@Manual{Boettiger_2019,
  title = {knitcitations: Citations for 'Knitr' Markdown Files},
  author = {Carl Boettiger},
  year = {2019},
  note = {R package version 1.0.10},
  url = {https://CRAN.R-project.org/package=knitcitations},
}

@InCollection{Xie_2014,
  booktitle = {Implementing Reproducible Computational Research},
  editor = {Victoria Stodden and Friedrich Leisch and Roger D. Peng},
  title = {knitr: A Comprehensive Tool for Reproducible Research in {R}},
  author = {Yihui Xie},
  publisher = {Chapman and Hall/CRC},
  year = {2014},
  note = {ISBN 978-1466561595},
  url = {http://www.crcpress.com/product/isbn/9781466561595},
}

@Book{Xie_2015,
  title = {Dynamic Documents with {R} and knitr},
  author = {Yihui Xie},
  publisher = {Chapman and Hall/CRC},
  address = {Boca Raton, Florida},
  year = {2015},
  edition = {2nd},
  note = {ISBN 978-1498716963},
  url = {https://yihui.org/knitr/},
}

@Manual{Xie_2020,
  title = {knitr: A General-Purpose Package for Dynamic Report Generation in R},
  author = {Yihui Xie},
  year = {2020},
  note = {R package version 1.28},
  url = {https://yihui.org/knitr/},
}
@Article{Boettiger_2013,
  doi = {10.1098/rspb.2013.1372},
  url = {https://doi.org/10.1098/rspb.2013.1372},
  year = {2013},
  month = {sep},
  publisher = {The Royal Society},
  volume = {280},
  number = {1766},
  pages = {20131372},
  author = {Carl Boettiger and Alan Hastings},
  title = {No early warning signals for stochastic transitions: insights from large deviation theory},
  journal = {Proceedings of the Royal Society B: Biological Sciences},
}

@Manual{Boettiger_2019,
  title = {knitcitations: Citations for 'Knitr' Markdown Files},
  author = {Carl Boettiger},
  year = {2019},
  note = {R package version 1.0.10},
  url = {https://CRAN.R-project.org/package=knitcitations},
}

@InCollection{Xie_2014,
  booktitle = {Implementing Reproducible Computational Research},
  editor = {Victoria Stodden and Friedrich Leisch and Roger D. Peng},
  title = {knitr: A Comprehensive Tool for Reproducible Research in {R}},
  author = {Yihui Xie},
  publisher = {Chapman and Hall/CRC},
  year = {2014},
  note = {ISBN 978-1466561595},
  url = {http://www.crcpress.com/product/isbn/9781466561595},
}

@Book{Xie_2015,
  title = {Dynamic Documents with {R} and knitr},
  author = {Yihui Xie},
  publisher = {Chapman and Hall/CRC},
  address = {Boca Raton, Florida},
  year = {2015},
  edition = {2nd},
  note = {ISBN 978-1498716963},
  url = {https://yihui.org/knitr/},
}

@Manual{Xie_2020,
  title = {knitr: A General-Purpose Package for Dynamic Report Generation in R},
  author = {Yihui Xie},
  year = {2020},
  note = {R package version 1.28},
  url = {https://yihui.org/knitr/},
}
@Article{Boettiger_2013,
  doi = {10.1098/rspb.2013.1372},
  url = {https://doi.org/10.1098/rspb.2013.1372},
  year = {2013},
  month = {sep},
  publisher = {The Royal Society},
  volume = {280},
  number = {1766},
  pages = {20131372},
  author = {Carl Boettiger and Alan Hastings},
  title = {No early warning signals for stochastic transitions: insights from large deviation theory},
  journal = {Proceedings of the Royal Society B: Biological Sciences},
}

@Manual{Boettiger_2019,
  title = {knitcitations: Citations for 'Knitr' Markdown Files},
  author = {Carl Boettiger},
  year = {2019},
  note = {R package version 1.0.10},
  url = {https://CRAN.R-project.org/package=knitcitations},
}

@InCollection{Xie_2014,
  booktitle = {Implementing Reproducible Computational Research},
  editor = {Victoria Stodden and Friedrich Leisch and Roger D. Peng},
  title = {knitr: A Comprehensive Tool for Reproducible Research in {R}},
  author = {Yihui Xie},
  publisher = {Chapman and Hall/CRC},
  year = {2014},
  note = {ISBN 978-1466561595},
  url = {http://www.crcpress.com/product/isbn/9781466561595},
}

@Book{Xie_2015,
  title = {Dynamic Documents with {R} and knitr},
  author = {Yihui Xie},
  publisher = {Chapman and Hall/CRC},
  address = {Boca Raton, Florida},
  year = {2015},
  edition = {2nd},
  note = {ISBN 978-1498716963},
  url = {https://yihui.org/knitr/},
}

@Manual{Xie_2020,
  title = {knitr: A General-Purpose Package for Dynamic Report Generation in R},
  author = {Yihui Xie},
  year = {2020},
  note = {R package version 1.28},
  url = {https://yihui.org/knitr/},
}
@Article{Boettiger_2013,
  doi = {10.1098/rspb.2013.1372},
  url = {https://doi.org/10.1098/rspb.2013.1372},
  year = {2013},
  month = {sep},
  publisher = {The Royal Society},
  volume = {280},
  number = {1766},
  pages = {20131372},
  author = {Carl Boettiger and Alan Hastings},
  title = {No early warning signals for stochastic transitions: insights from large deviation theory},
  journal = {Proceedings of the Royal Society B: Biological Sciences},
}

@Manual{Boettiger_2019,
  title = {knitcitations: Citations for 'Knitr' Markdown Files},
  author = {Carl Boettiger},
  year = {2019},
  note = {R package version 1.0.10},
  url = {https://CRAN.R-project.org/package=knitcitations},
}

@InCollection{Xie_2014,
  booktitle = {Implementing Reproducible Computational Research},
  editor = {Victoria Stodden and Friedrich Leisch and Roger D. Peng},
  title = {knitr: A Comprehensive Tool for Reproducible Research in {R}},
  author = {Yihui Xie},
  publisher = {Chapman and Hall/CRC},
  year = {2014},
  note = {ISBN 978-1466561595},
  url = {http://www.crcpress.com/product/isbn/9781466561595},
}

@Book{Xie_2015,
  title = {Dynamic Documents with {R} and knitr},
  author = {Yihui Xie},
  publisher = {Chapman and Hall/CRC},
  address = {Boca Raton, Florida},
  year = {2015},
  edition = {2nd},
  note = {ISBN 978-1498716963},
  url = {https://yihui.org/knitr/},
}

@Manual{Xie_2020,
  title = {knitr: A General-Purpose Package for Dynamic Report Generation in R},
  author = {Yihui Xie},
  year = {2020},
  note = {R package version 1.28},
  url = {https://yihui.org/knitr/},
}
@Article{Boettiger_2013,
  doi = {10.1098/rspb.2013.1372},
  url = {https://doi.org/10.1098/rspb.2013.1372},
  year = {2013},
  month = {sep},
  publisher = {The Royal Society},
  volume = {280},
  number = {1766},
  pages = {20131372},
  author = {Carl Boettiger and Alan Hastings},
  title = {No early warning signals for stochastic transitions: insights from large deviation theory},
  journal = {Proceedings of the Royal Society B: Biological Sciences},
}

@Manual{Boettiger_2019,
  title = {knitcitations: Citations for 'Knitr' Markdown Files},
  author = {Carl Boettiger},
  year = {2019},
  note = {R package version 1.0.10},
  url = {https://CRAN.R-project.org/package=knitcitations},
}

@InCollection{Xie_2014,
  booktitle = {Implementing Reproducible Computational Research},
  editor = {Victoria Stodden and Friedrich Leisch and Roger D. Peng},
  title = {knitr: A Comprehensive Tool for Reproducible Research in {R}},
  author = {Yihui Xie},
  publisher = {Chapman and Hall/CRC},
  year = {2014},
  note = {ISBN 978-1466561595},
  url = {http://www.crcpress.com/product/isbn/9781466561595},
}

@Book{Xie_2015,
  title = {Dynamic Documents with {R} and knitr},
  author = {Yihui Xie},
  publisher = {Chapman and Hall/CRC},
  address = {Boca Raton, Florida},
  year = {2015},
  edition = {2nd},
  note = {ISBN 978-1498716963},
  url = {https://yihui.org/knitr/},
}

@Manual{Xie_2020,
  title = {knitr: A General-Purpose Package for Dynamic Report Generation in R},
  author = {Yihui Xie},
  year = {2020},
  note = {R package version 1.28},
  url = {https://yihui.org/knitr/},
}
@Article{Boettiger_2013,
  doi = {10.1098/rspb.2013.1372},
  url = {https://doi.org/10.1098/rspb.2013.1372},
  year = {2013},
  month = {sep},
  publisher = {The Royal Society},
  volume = {280},
  number = {1766},
  pages = {20131372},
  author = {Carl Boettiger and Alan Hastings},
  title = {No early warning signals for stochastic transitions: insights from large deviation theory},
  journal = {Proceedings of the Royal Society B: Biological Sciences},
}

@Manual{Boettiger_2019,
  title = {knitcitations: Citations for 'Knitr' Markdown Files},
  author = {Carl Boettiger},
  year = {2019},
  note = {R package version 1.0.10},
  url = {https://CRAN.R-project.org/package=knitcitations},
}

@InCollection{Xie_2014,
  booktitle = {Implementing Reproducible Computational Research},
  editor = {Victoria Stodden and Friedrich Leisch and Roger D. Peng},
  title = {knitr: A Comprehensive Tool for Reproducible Research in {R}},
  author = {Yihui Xie},
  publisher = {Chapman and Hall/CRC},
  year = {2014},
  note = {ISBN 978-1466561595},
  url = {http://www.crcpress.com/product/isbn/9781466561595},
}

@Book{Xie_2015,
  title = {Dynamic Documents with {R} and knitr},
  author = {Yihui Xie},
  publisher = {Chapman and Hall/CRC},
  address = {Boca Raton, Florida},
  year = {2015},
  edition = {2nd},
  note = {ISBN 978-1498716963},
  url = {https://yihui.org/knitr/},
}

@Manual{Xie_2020,
  title = {knitr: A General-Purpose Package for Dynamic Report Generation in R},
  author = {Yihui Xie},
  year = {2020},
  note = {R package version 1.28},
  url = {https://yihui.org/knitr/},
}
@Article{Boettiger_2013,
  doi = {10.1098/rspb.2013.1372},
  url = {https://doi.org/10.1098/rspb.2013.1372},
  year = {2013},
  month = {sep},
  publisher = {The Royal Society},
  volume = {280},
  number = {1766},
  pages = {20131372},
  author = {Carl Boettiger and Alan Hastings},
  title = {No early warning signals for stochastic transitions: insights from large deviation theory},
  journal = {Proceedings of the Royal Society B: Biological Sciences},
}

@Manual{Boettiger_2019,
  title = {knitcitations: Citations for 'Knitr' Markdown Files},
  author = {Carl Boettiger},
  year = {2019},
  note = {R package version 1.0.10},
  url = {https://CRAN.R-project.org/package=knitcitations},
}

@InCollection{Xie_2014,
  booktitle = {Implementing Reproducible Computational Research},
  editor = {Victoria Stodden and Friedrich Leisch and Roger D. Peng},
  title = {knitr: A Comprehensive Tool for Reproducible Research in {R}},
  author = {Yihui Xie},
  publisher = {Chapman and Hall/CRC},
  year = {2014},
  note = {ISBN 978-1466561595},
  url = {http://www.crcpress.com/product/isbn/9781466561595},
}

@Book{Xie_2015,
  title = {Dynamic Documents with {R} and knitr},
  author = {Yihui Xie},
  publisher = {Chapman and Hall/CRC},
  address = {Boca Raton, Florida},
  year = {2015},
  edition = {2nd},
  note = {ISBN 978-1498716963},
  url = {https://yihui.org/knitr/},
}

@Manual{Xie_2020,
  title = {knitr: A General-Purpose Package for Dynamic Report Generation in R},
  author = {Yihui Xie},
  year = {2020},
  note = {R package version 1.28},
  url = {https://yihui.org/knitr/},
}
@Article{Boettiger_2013,
  doi = {10.1098/rspb.2013.1372},
  url = {https://doi.org/10.1098/rspb.2013.1372},
  year = {2013},
  month = {sep},
  publisher = {The Royal Society},
  volume = {280},
  number = {1766},
  pages = {20131372},
  author = {Carl Boettiger and Alan Hastings},
  title = {No early warning signals for stochastic transitions: insights from large deviation theory},
  journal = {Proceedings of the Royal Society B: Biological Sciences},
}

@Manual{Boettiger_2019,
  title = {knitcitations: Citations for 'Knitr' Markdown Files},
  author = {Carl Boettiger},
  year = {2019},
  note = {R package version 1.0.10},
  url = {https://CRAN.R-project.org/package=knitcitations},
}

@InCollection{Xie_2014,
  booktitle = {Implementing Reproducible Computational Research},
  editor = {Victoria Stodden and Friedrich Leisch and Roger D. Peng},
  title = {knitr: A Comprehensive Tool for Reproducible Research in {R}},
  author = {Yihui Xie},
  publisher = {Chapman and Hall/CRC},
  year = {2014},
  note = {ISBN 978-1466561595},
  url = {http://www.crcpress.com/product/isbn/9781466561595},
}

@Book{Xie_2015,
  title = {Dynamic Documents with {R} and knitr},
  author = {Yihui Xie},
  publisher = {Chapman and Hall/CRC},
  address = {Boca Raton, Florida},
  year = {2015},
  edition = {2nd},
  note = {ISBN 978-1498716963},
  url = {https://yihui.org/knitr/},
}

@Manual{Xie_2020,
  title = {knitr: A General-Purpose Package for Dynamic Report Generation in R},
  author = {Yihui Xie},
  year = {2020},
  note = {R package version 1.28},
  url = {https://yihui.org/knitr/},
}
@Article{Boettiger_2013,
  doi = {10.1098/rspb.2013.1372},
  url = {https://doi.org/10.1098/rspb.2013.1372},
  year = {2013},
  month = {sep},
  publisher = {The Royal Society},
  volume = {280},
  number = {1766},
  pages = {20131372},
  author = {Carl Boettiger and Alan Hastings},
  title = {No early warning signals for stochastic transitions: insights from large deviation theory},
  journal = {Proceedings of the Royal Society B: Biological Sciences},
}

@Manual{Boettiger_2019,
  title = {knitcitations: Citations for 'Knitr' Markdown Files},
  author = {Carl Boettiger},
  year = {2019},
  note = {R package version 1.0.10},
  url = {https://CRAN.R-project.org/package=knitcitations},
}

@InCollection{Xie_2014,
  booktitle = {Implementing Reproducible Computational Research},
  editor = {Victoria Stodden and Friedrich Leisch and Roger D. Peng},
  title = {knitr: A Comprehensive Tool for Reproducible Research in {R}},
  author = {Yihui Xie},
  publisher = {Chapman and Hall/CRC},
  year = {2014},
  note = {ISBN 978-1466561595},
  url = {http://www.crcpress.com/product/isbn/9781466561595},
}

@Book{Xie_2015,
  title = {Dynamic Documents with {R} and knitr},
  author = {Yihui Xie},
  publisher = {Chapman and Hall/CRC},
  address = {Boca Raton, Florida},
  year = {2015},
  edition = {2nd},
  note = {ISBN 978-1498716963},
  url = {https://yihui.org/knitr/},
}

@Manual{Xie_2020,
  title = {knitr: A General-Purpose Package for Dynamic Report Generation in R},
  author = {Yihui Xie},
  year = {2020},
  note = {R package version 1.28},
  url = {https://yihui.org/knitr/},
}
@Article{Boettiger_2013,
  doi = {10.1098/rspb.2013.1372},
  url = {https://doi.org/10.1098/rspb.2013.1372},
  year = {2013},
  month = {sep},
  publisher = {The Royal Society},
  volume = {280},
  number = {1766},
  pages = {20131372},
  author = {Carl Boettiger and Alan Hastings},
  title = {No early warning signals for stochastic transitions: insights from large deviation theory},
  journal = {Proceedings of the Royal Society B: Biological Sciences},
}

@Manual{Boettiger_2019,
  title = {knitcitations: Citations for 'Knitr' Markdown Files},
  author = {Carl Boettiger},
  year = {2019},
  note = {R package version 1.0.10},
  url = {https://CRAN.R-project.org/package=knitcitations},
}

@InCollection{Xie_2014,
  booktitle = {Implementing Reproducible Computational Research},
  editor = {Victoria Stodden and Friedrich Leisch and Roger D. Peng},
  title = {knitr: A Comprehensive Tool for Reproducible Research in {R}},
  author = {Yihui Xie},
  publisher = {Chapman and Hall/CRC},
  year = {2014},
  note = {ISBN 978-1466561595},
  url = {http://www.crcpress.com/product/isbn/9781466561595},
}

@Book{Xie_2015,
  title = {Dynamic Documents with {R} and knitr},
  author = {Yihui Xie},
  publisher = {Chapman and Hall/CRC},
  address = {Boca Raton, Florida},
  year = {2015},
  edition = {2nd},
  note = {ISBN 978-1498716963},
  url = {https://yihui.org/knitr/},
}

@Manual{Xie_2020,
  title = {knitr: A General-Purpose Package for Dynamic Report Generation in R},
  author = {Yihui Xie},
  year = {2020},
  note = {R package version 1.28},
  url = {https://yihui.org/knitr/},
}
@Article{Boettiger_2013,
  doi = {10.1098/rspb.2013.1372},
  url = {https://doi.org/10.1098/rspb.2013.1372},
  year = {2013},
  month = {sep},
  publisher = {The Royal Society},
  volume = {280},
  number = {1766},
  pages = {20131372},
  author = {Carl Boettiger and Alan Hastings},
  title = {No early warning signals for stochastic transitions: insights from large deviation theory},
  journal = {Proceedings of the Royal Society B: Biological Sciences},
}

@Manual{Boettiger_2019,
  title = {knitcitations: Citations for 'Knitr' Markdown Files},
  author = {Carl Boettiger},
  year = {2019},
  note = {R package version 1.0.10},
  url = {https://CRAN.R-project.org/package=knitcitations},
}

@InCollection{Xie_2014,
  booktitle = {Implementing Reproducible Computational Research},
  editor = {Victoria Stodden and Friedrich Leisch and Roger D. Peng},
  title = {knitr: A Comprehensive Tool for Reproducible Research in {R}},
  author = {Yihui Xie},
  publisher = {Chapman and Hall/CRC},
  year = {2014},
  note = {ISBN 978-1466561595},
  url = {http://www.crcpress.com/product/isbn/9781466561595},
}

@Book{Xie_2015,
  title = {Dynamic Documents with {R} and knitr},
  author = {Yihui Xie},
  publisher = {Chapman and Hall/CRC},
  address = {Boca Raton, Florida},
  year = {2015},
  edition = {2nd},
  note = {ISBN 978-1498716963},
  url = {https://yihui.org/knitr/},
}

@Manual{Xie_2020,
  title = {knitr: A General-Purpose Package for Dynamic Report Generation in R},
  author = {Yihui Xie},
  year = {2020},
  note = {R package version 1.28},
  url = {https://yihui.org/knitr/},
}
@Article{Boettiger_2013,
  doi = {10.1098/rspb.2013.1372},
  url = {https://doi.org/10.1098/rspb.2013.1372},
  year = {2013},
  month = {sep},
  publisher = {The Royal Society},
  volume = {280},
  number = {1766},
  pages = {20131372},
  author = {Carl Boettiger and Alan Hastings},
  title = {No early warning signals for stochastic transitions: insights from large deviation theory},
  journal = {Proceedings of the Royal Society B: Biological Sciences},
}

@Manual{Boettiger_2019,
  title = {knitcitations: Citations for 'Knitr' Markdown Files},
  author = {Carl Boettiger},
  year = {2019},
  note = {R package version 1.0.10},
  url = {https://CRAN.R-project.org/package=knitcitations},
}

@InCollection{Xie_2014,
  booktitle = {Implementing Reproducible Computational Research},
  editor = {Victoria Stodden and Friedrich Leisch and Roger D. Peng},
  title = {knitr: A Comprehensive Tool for Reproducible Research in {R}},
  author = {Yihui Xie},
  publisher = {Chapman and Hall/CRC},
  year = {2014},
  note = {ISBN 978-1466561595},
  url = {http://www.crcpress.com/product/isbn/9781466561595},
}

@Book{Xie_2015,
  title = {Dynamic Documents with {R} and knitr},
  author = {Yihui Xie},
  publisher = {Chapman and Hall/CRC},
  address = {Boca Raton, Florida},
  year = {2015},
  edition = {2nd},
  note = {ISBN 978-1498716963},
  url = {https://yihui.org/knitr/},
}

@Manual{Xie_2020,
  title = {knitr: A General-Purpose Package for Dynamic Report Generation in R},
  author = {Yihui Xie},
  year = {2020},
  note = {R package version 1.28},
  url = {https://yihui.org/knitr/},
}
@Article{Boettiger_2013,
  doi = {10.1098/rspb.2013.1372},
  url = {https://doi.org/10.1098/rspb.2013.1372},
  year = {2013},
  month = {sep},
  publisher = {The Royal Society},
  volume = {280},
  number = {1766},
  pages = {20131372},
  author = {Carl Boettiger and Alan Hastings},
  title = {No early warning signals for stochastic transitions: insights from large deviation theory},
  journal = {Proceedings of the Royal Society B: Biological Sciences},
}

@Manual{Boettiger_2019,
  title = {knitcitations: Citations for 'Knitr' Markdown Files},
  author = {Carl Boettiger},
  year = {2019},
  note = {R package version 1.0.10},
  url = {https://CRAN.R-project.org/package=knitcitations},
}

@InCollection{Xie_2014,
  booktitle = {Implementing Reproducible Computational Research},
  editor = {Victoria Stodden and Friedrich Leisch and Roger D. Peng},
  title = {knitr: A Comprehensive Tool for Reproducible Research in {R}},
  author = {Yihui Xie},
  publisher = {Chapman and Hall/CRC},
  year = {2014},
  note = {ISBN 978-1466561595},
  url = {http://www.crcpress.com/product/isbn/9781466561595},
}

@Book{Xie_2015,
  title = {Dynamic Documents with {R} and knitr},
  author = {Yihui Xie},
  publisher = {Chapman and Hall/CRC},
  address = {Boca Raton, Florida},
  year = {2015},
  edition = {2nd},
  note = {ISBN 978-1498716963},
  url = {https://yihui.org/knitr/},
}

@Manual{Xie_2020,
  title = {knitr: A General-Purpose Package for Dynamic Report Generation in R},
  author = {Yihui Xie},
  year = {2020},
  note = {R package version 1.28},
  url = {https://yihui.org/knitr/},
}
@Article{Boettiger_2013,
  doi = {10.1098/rspb.2013.1372},
  url = {https://doi.org/10.1098/rspb.2013.1372},
  year = {2013},
  month = {sep},
  publisher = {The Royal Society},
  volume = {280},
  number = {1766},
  pages = {20131372},
  author = {Carl Boettiger and Alan Hastings},
  title = {No early warning signals for stochastic transitions: insights from large deviation theory},
  journal = {Proceedings of the Royal Society B: Biological Sciences},
}

@Manual{Boettiger_2019,
  title = {knitcitations: Citations for 'Knitr' Markdown Files},
  author = {Carl Boettiger},
  year = {2019},
  note = {R package version 1.0.10},
  url = {https://CRAN.R-project.org/package=knitcitations},
}

@InCollection{Xie_2014,
  booktitle = {Implementing Reproducible Computational Research},
  editor = {Victoria Stodden and Friedrich Leisch and Roger D. Peng},
  title = {knitr: A Comprehensive Tool for Reproducible Research in {R}},
  author = {Yihui Xie},
  publisher = {Chapman and Hall/CRC},
  year = {2014},
  note = {ISBN 978-1466561595},
  url = {http://www.crcpress.com/product/isbn/9781466561595},
}

@Book{Xie_2015,
  title = {Dynamic Documents with {R} and knitr},
  author = {Yihui Xie},
  publisher = {Chapman and Hall/CRC},
  address = {Boca Raton, Florida},
  year = {2015},
  edition = {2nd},
  note = {ISBN 978-1498716963},
  url = {https://yihui.org/knitr/},
}

@Manual{Xie_2020,
  title = {knitr: A General-Purpose Package for Dynamic Report Generation in R},
  author = {Yihui Xie},
  year = {2020},
  note = {R package version 1.28},
  url = {https://yihui.org/knitr/},
}
@Article{Boettiger_2013,
  doi = {10.1098/rspb.2013.1372},
  url = {https://doi.org/10.1098/rspb.2013.1372},
  year = {2013},
  month = {sep},
  publisher = {The Royal Society},
  volume = {280},
  number = {1766},
  pages = {20131372},
  author = {Carl Boettiger and Alan Hastings},
  title = {No early warning signals for stochastic transitions: insights from large deviation theory},
  journal = {Proceedings of the Royal Society B: Biological Sciences},
}

@Manual{Boettiger_2019,
  title = {knitcitations: Citations for 'Knitr' Markdown Files},
  author = {Carl Boettiger},
  year = {2019},
  note = {R package version 1.0.10},
  url = {https://CRAN.R-project.org/package=knitcitations},
}

@InCollection{Xie_2014,
  booktitle = {Implementing Reproducible Computational Research},
  editor = {Victoria Stodden and Friedrich Leisch and Roger D. Peng},
  title = {knitr: A Comprehensive Tool for Reproducible Research in {R}},
  author = {Yihui Xie},
  publisher = {Chapman and Hall/CRC},
  year = {2014},
  note = {ISBN 978-1466561595},
  url = {http://www.crcpress.com/product/isbn/9781466561595},
}

@Book{Xie_2015,
  title = {Dynamic Documents with {R} and knitr},
  author = {Yihui Xie},
  publisher = {Chapman and Hall/CRC},
  address = {Boca Raton, Florida},
  year = {2015},
  edition = {2nd},
  note = {ISBN 978-1498716963},
  url = {https://yihui.org/knitr/},
}

@Manual{Xie_2020,
  title = {knitr: A General-Purpose Package for Dynamic Report Generation in R},
  author = {Yihui Xie},
  year = {2020},
  note = {R package version 1.28},
  url = {https://yihui.org/knitr/},
}
@Article{Boettiger_2013,
  doi = {10.1098/rspb.2013.1372},
  url = {https://doi.org/10.1098/rspb.2013.1372},
  year = {2013},
  month = {sep},
  publisher = {The Royal Society},
  volume = {280},
  number = {1766},
  pages = {20131372},
  author = {Carl Boettiger and Alan Hastings},
  title = {No early warning signals for stochastic transitions: insights from large deviation theory},
  journal = {Proceedings of the Royal Society B: Biological Sciences},
}

@Manual{Boettiger_2019,
  title = {knitcitations: Citations for 'Knitr' Markdown Files},
  author = {Carl Boettiger},
  year = {2019},
  note = {R package version 1.0.10},
  url = {https://CRAN.R-project.org/package=knitcitations},
}

@InCollection{Xie_2014,
  booktitle = {Implementing Reproducible Computational Research},
  editor = {Victoria Stodden and Friedrich Leisch and Roger D. Peng},
  title = {knitr: A Comprehensive Tool for Reproducible Research in {R}},
  author = {Yihui Xie},
  publisher = {Chapman and Hall/CRC},
  year = {2014},
  note = {ISBN 978-1466561595},
  url = {http://www.crcpress.com/product/isbn/9781466561595},
}

@Book{Xie_2015,
  title = {Dynamic Documents with {R} and knitr},
  author = {Yihui Xie},
  publisher = {Chapman and Hall/CRC},
  address = {Boca Raton, Florida},
  year = {2015},
  edition = {2nd},
  note = {ISBN 978-1498716963},
  url = {https://yihui.org/knitr/},
}

@Manual{Xie_2020,
  title = {knitr: A General-Purpose Package for Dynamic Report Generation in R},
  author = {Yihui Xie},
  year = {2020},
  note = {R package version 1.28},
  url = {https://yihui.org/knitr/},
}
@Article{Boettiger_2013,
  doi = {10.1098/rspb.2013.1372},
  url = {https://doi.org/10.1098/rspb.2013.1372},
  year = {2013},
  month = {sep},
  publisher = {The Royal Society},
  volume = {280},
  number = {1766},
  pages = {20131372},
  author = {Carl Boettiger and Alan Hastings},
  title = {No early warning signals for stochastic transitions: insights from large deviation theory},
  journal = {Proceedings of the Royal Society B: Biological Sciences},
}

@Manual{Boettiger_2019,
  title = {knitcitations: Citations for 'Knitr' Markdown Files},
  author = {Carl Boettiger},
  year = {2019},
  note = {R package version 1.0.10},
  url = {https://CRAN.R-project.org/package=knitcitations},
}

@InCollection{Xie_2014,
  booktitle = {Implementing Reproducible Computational Research},
  editor = {Victoria Stodden and Friedrich Leisch and Roger D. Peng},
  title = {knitr: A Comprehensive Tool for Reproducible Research in {R}},
  author = {Yihui Xie},
  publisher = {Chapman and Hall/CRC},
  year = {2014},
  note = {ISBN 978-1466561595},
  url = {http://www.crcpress.com/product/isbn/9781466561595},
}

@Book{Xie_2015,
  title = {Dynamic Documents with {R} and knitr},
  author = {Yihui Xie},
  publisher = {Chapman and Hall/CRC},
  address = {Boca Raton, Florida},
  year = {2015},
  edition = {2nd},
  note = {ISBN 978-1498716963},
  url = {https://yihui.org/knitr/},
}

@Manual{Xie_2020,
  title = {knitr: A General-Purpose Package for Dynamic Report Generation in R},
  author = {Yihui Xie},
  year = {2020},
  note = {R package version 1.28},
  url = {https://yihui.org/knitr/},
}
@Article{Boettiger_2013,
  doi = {10.1098/rspb.2013.1372},
  url = {https://doi.org/10.1098/rspb.2013.1372},
  year = {2013},
  month = {sep},
  publisher = {The Royal Society},
  volume = {280},
  number = {1766},
  pages = {20131372},
  author = {Carl Boettiger and Alan Hastings},
  title = {No early warning signals for stochastic transitions: insights from large deviation theory},
  journal = {Proceedings of the Royal Society B: Biological Sciences},
}

@Manual{Boettiger_2019,
  title = {knitcitations: Citations for 'Knitr' Markdown Files},
  author = {Carl Boettiger},
  year = {2019},
  note = {R package version 1.0.10},
  url = {https://CRAN.R-project.org/package=knitcitations},
}

@InCollection{Xie_2014,
  booktitle = {Implementing Reproducible Computational Research},
  editor = {Victoria Stodden and Friedrich Leisch and Roger D. Peng},
  title = {knitr: A Comprehensive Tool for Reproducible Research in {R}},
  author = {Yihui Xie},
  publisher = {Chapman and Hall/CRC},
  year = {2014},
  note = {ISBN 978-1466561595},
  url = {http://www.crcpress.com/product/isbn/9781466561595},
}

@Book{Xie_2015,
  title = {Dynamic Documents with {R} and knitr},
  author = {Yihui Xie},
  publisher = {Chapman and Hall/CRC},
  address = {Boca Raton, Florida},
  year = {2015},
  edition = {2nd},
  note = {ISBN 978-1498716963},
  url = {https://yihui.org/knitr/},
}

@Manual{Xie_2020,
  title = {knitr: A General-Purpose Package for Dynamic Report Generation in R},
  author = {Yihui Xie},
  year = {2020},
  note = {R package version 1.28},
  url = {https://yihui.org/knitr/},
}
@Article{Boettiger_2013,
  doi = {10.1098/rspb.2013.1372},
  url = {https://doi.org/10.1098/rspb.2013.1372},
  year = {2013},
  month = {sep},
  publisher = {The Royal Society},
  volume = {280},
  number = {1766},
  pages = {20131372},
  author = {Carl Boettiger and Alan Hastings},
  title = {No early warning signals for stochastic transitions: insights from large deviation theory},
  journal = {Proceedings of the Royal Society B: Biological Sciences},
}

@Manual{Boettiger_2019,
  title = {knitcitations: Citations for 'Knitr' Markdown Files},
  author = {Carl Boettiger},
  year = {2019},
  note = {R package version 1.0.10},
  url = {https://CRAN.R-project.org/package=knitcitations},
}

@InCollection{Xie_2014,
  booktitle = {Implementing Reproducible Computational Research},
  editor = {Victoria Stodden and Friedrich Leisch and Roger D. Peng},
  title = {knitr: A Comprehensive Tool for Reproducible Research in {R}},
  author = {Yihui Xie},
  publisher = {Chapman and Hall/CRC},
  year = {2014},
  note = {ISBN 978-1466561595},
  url = {http://www.crcpress.com/product/isbn/9781466561595},
}

@Book{Xie_2015,
  title = {Dynamic Documents with {R} and knitr},
  author = {Yihui Xie},
  publisher = {Chapman and Hall/CRC},
  address = {Boca Raton, Florida},
  year = {2015},
  edition = {2nd},
  note = {ISBN 978-1498716963},
  url = {https://yihui.org/knitr/},
}

@Manual{Xie_2020,
  title = {knitr: A General-Purpose Package for Dynamic Report Generation in R},
  author = {Yihui Xie},
  year = {2020},
  note = {R package version 1.28},
  url = {https://yihui.org/knitr/},
}
@Article{Boettiger_2013,
  doi = {10.1098/rspb.2013.1372},
  url = {https://doi.org/10.1098/rspb.2013.1372},
  year = {2013},
  month = {sep},
  publisher = {The Royal Society},
  volume = {280},
  number = {1766},
  pages = {20131372},
  author = {Carl Boettiger and Alan Hastings},
  title = {No early warning signals for stochastic transitions: insights from large deviation theory},
  journal = {Proceedings of the Royal Society B: Biological Sciences},
}

@Manual{Boettiger_2019,
  title = {knitcitations: Citations for 'Knitr' Markdown Files},
  author = {Carl Boettiger},
  year = {2019},
  note = {R package version 1.0.10},
  url = {https://CRAN.R-project.org/package=knitcitations},
}

@InCollection{Xie_2014,
  booktitle = {Implementing Reproducible Computational Research},
  editor = {Victoria Stodden and Friedrich Leisch and Roger D. Peng},
  title = {knitr: A Comprehensive Tool for Reproducible Research in {R}},
  author = {Yihui Xie},
  publisher = {Chapman and Hall/CRC},
  year = {2014},
  note = {ISBN 978-1466561595},
  url = {http://www.crcpress.com/product/isbn/9781466561595},
}

@Book{Xie_2015,
  title = {Dynamic Documents with {R} and knitr},
  author = {Yihui Xie},
  publisher = {Chapman and Hall/CRC},
  address = {Boca Raton, Florida},
  year = {2015},
  edition = {2nd},
  note = {ISBN 978-1498716963},
  url = {https://yihui.org/knitr/},
}

@Manual{Xie_2020,
  title = {knitr: A General-Purpose Package for Dynamic Report Generation in R},
  author = {Yihui Xie},
  year = {2020},
  note = {R package version 1.28},
  url = {https://yihui.org/knitr/},
}
@Article{Boettiger_2013,
  doi = {10.1098/rspb.2013.1372},
  url = {https://doi.org/10.1098/rspb.2013.1372},
  year = {2013},
  month = {sep},
  publisher = {The Royal Society},
  volume = {280},
  number = {1766},
  pages = {20131372},
  author = {Carl Boettiger and Alan Hastings},
  title = {No early warning signals for stochastic transitions: insights from large deviation theory},
  journal = {Proceedings of the Royal Society B: Biological Sciences},
}

@Manual{Boettiger_2019,
  title = {knitcitations: Citations for 'Knitr' Markdown Files},
  author = {Carl Boettiger},
  year = {2019},
  note = {R package version 1.0.10},
  url = {https://CRAN.R-project.org/package=knitcitations},
}

@InCollection{Xie_2014,
  booktitle = {Implementing Reproducible Computational Research},
  editor = {Victoria Stodden and Friedrich Leisch and Roger D. Peng},
  title = {knitr: A Comprehensive Tool for Reproducible Research in {R}},
  author = {Yihui Xie},
  publisher = {Chapman and Hall/CRC},
  year = {2014},
  note = {ISBN 978-1466561595},
  url = {http://www.crcpress.com/product/isbn/9781466561595},
}

@Book{Xie_2015,
  title = {Dynamic Documents with {R} and knitr},
  author = {Yihui Xie},
  publisher = {Chapman and Hall/CRC},
  address = {Boca Raton, Florida},
  year = {2015},
  edition = {2nd},
  note = {ISBN 978-1498716963},
  url = {https://yihui.org/knitr/},
}

@Manual{Xie_2020,
  title = {knitr: A General-Purpose Package for Dynamic Report Generation in R},
  author = {Yihui Xie},
  year = {2020},
  note = {R package version 1.28},
  url = {https://yihui.org/knitr/},
}
@Article{Boettiger_2013,
  doi = {10.1098/rspb.2013.1372},
  url = {https://doi.org/10.1098/rspb.2013.1372},
  year = {2013},
  month = {sep},
  publisher = {The Royal Society},
  volume = {280},
  number = {1766},
  pages = {20131372},
  author = {Carl Boettiger and Alan Hastings},
  title = {No early warning signals for stochastic transitions: insights from large deviation theory},
  journal = {Proceedings of the Royal Society B: Biological Sciences},
}

@Manual{Boettiger_2019,
  title = {knitcitations: Citations for 'Knitr' Markdown Files},
  author = {Carl Boettiger},
  year = {2019},
  note = {R package version 1.0.10},
  url = {https://CRAN.R-project.org/package=knitcitations},
}

@InCollection{Xie_2014,
  booktitle = {Implementing Reproducible Computational Research},
  editor = {Victoria Stodden and Friedrich Leisch and Roger D. Peng},
  title = {knitr: A Comprehensive Tool for Reproducible Research in {R}},
  author = {Yihui Xie},
  publisher = {Chapman and Hall/CRC},
  year = {2014},
  note = {ISBN 978-1466561595},
  url = {http://www.crcpress.com/product/isbn/9781466561595},
}

@Book{Xie_2015,
  title = {Dynamic Documents with {R} and knitr},
  author = {Yihui Xie},
  publisher = {Chapman and Hall/CRC},
  address = {Boca Raton, Florida},
  year = {2015},
  edition = {2nd},
  note = {ISBN 978-1498716963},
  url = {https://yihui.org/knitr/},
}

@Manual{Xie_2020,
  title = {knitr: A General-Purpose Package for Dynamic Report Generation in R},
  author = {Yihui Xie},
  year = {2020},
  note = {R package version 1.28},
  url = {https://yihui.org/knitr/},
}
@Article{Boettiger_2013,
  doi = {10.1098/rspb.2013.1372},
  url = {https://doi.org/10.1098/rspb.2013.1372},
  year = {2013},
  month = {sep},
  publisher = {The Royal Society},
  volume = {280},
  number = {1766},
  pages = {20131372},
  author = {Carl Boettiger and Alan Hastings},
  title = {No early warning signals for stochastic transitions: insights from large deviation theory},
  journal = {Proceedings of the Royal Society B: Biological Sciences},
}

@Manual{Boettiger_2019,
  title = {knitcitations: Citations for 'Knitr' Markdown Files},
  author = {Carl Boettiger},
  year = {2019},
  note = {R package version 1.0.10},
  url = {https://CRAN.R-project.org/package=knitcitations},
}

@InCollection{Xie_2014,
  booktitle = {Implementing Reproducible Computational Research},
  editor = {Victoria Stodden and Friedrich Leisch and Roger D. Peng},
  title = {knitr: A Comprehensive Tool for Reproducible Research in {R}},
  author = {Yihui Xie},
  publisher = {Chapman and Hall/CRC},
  year = {2014},
  note = {ISBN 978-1466561595},
  url = {http://www.crcpress.com/product/isbn/9781466561595},
}

@Book{Xie_2015,
  title = {Dynamic Documents with {R} and knitr},
  author = {Yihui Xie},
  publisher = {Chapman and Hall/CRC},
  address = {Boca Raton, Florida},
  year = {2015},
  edition = {2nd},
  note = {ISBN 978-1498716963},
  url = {https://yihui.org/knitr/},
}

@Manual{Xie_2020,
  title = {knitr: A General-Purpose Package for Dynamic Report Generation in R},
  author = {Yihui Xie},
  year = {2020},
  note = {R package version 1.28},
  url = {https://yihui.org/knitr/},
}
